<record><leader>00000cas a22000007a 4500</leader><controlfield tag="001">19225619</controlfield><controlfield tag="008">890216d189619uupauwr ne      0    0eng d</controlfield><datafield ind1=" " ind2=" " tag="010"><subfield code="a">sn 89077066 </subfield></datafield><datafield ind1=" " ind2=" " tag="040"><subfield code="a">NPH</subfield><subfield code="b">eng</subfield><subfield code="c">NPH</subfield><subfield code="d">OCLCQ</subfield></datafield><datafield ind1=" " ind2=" " tag="042"><subfield code="a">msc</subfield></datafield><datafield ind1="0" ind2=" " tag="130"><subfield code="a">Sharon telegraph (Sharon, Pa. : Weekly)</subfield></datafield><datafield ind1="1" ind2="4" tag="245"><subfield code="a">The Sharon telegraph.</subfield></datafield><datafield ind1=" " ind2=" " tag="250"><subfield code="a">Weekly ed.</subfield></datafield><datafield ind1=" " ind2=" " tag="260"><subfield code="a">Sharon, Pa. :</subfield><subfield code="b">Van Fossen &amp; Moses,</subfield><subfield code="c">1896-</subfield></datafield><datafield ind1=" " ind2=" " tag="300"><subfield code="a">v. :</subfield><subfield code="b">ill.</subfield></datafield><datafield ind1=" " ind2=" " tag="310"><subfield code="a">Weekly</subfield></datafield><datafield ind1="0" ind2=" " tag="362"><subfield code="a">Vol. 4, no. 24 (July 9, 1896)-</subfield></datafield><datafield ind1=" " ind2=" " tag="752"><subfield code="a">United States</subfield><subfield code="b">Pennsylvania</subfield><subfield code="c">Mercer</subfield><subfield code="d">Sharon.</subfield></datafield><datafield ind1="0" ind2=" " tag="775"><subfield code="a">Sharon daily telegraph</subfield><subfield code="w">(DLC)sn 89077064</subfield></datafield><datafield ind1="0" ind2="0" tag="780"><subfield code="a">Sharon weekly telegraph (Sharon, Pa. : 1894)</subfield><subfield code="w">(DLC)sn 89077063</subfield></datafield><datafield ind1="0" ind2="0" tag="785"><subfield code="a">Sharon weekly telegraph (Sharon, Pa. : 1909)</subfield><subfield code="w">(DLC)sn 89077067</subfield></datafield></record>